%YAML 1.1
%TAG !u! tag:unity3d.com,2011:
--- !u!29 &1
OcclusionCullingSettings:
  m_ObjectHideFlags: 0
  serializedVersion: 2
  m_OcclusionBakeSettings:
    smallestOccluder: 5
    smallestHole: 0.25
    backfaceThreshold: 100
  m_SceneGUID: 00000000000000000000000000000000
  m_OcclusionCullingData: {fileID: 0}
--- !u!104 &2
RenderSettings:
  m_ObjectHideFlags: 0
  serializedVersion: 9
  m_Fog: 0
  m_FogColor: {r: 0.5, g: 0.5, b: 0.5, a: 1}
  m_FogMode: 3
  m_FogDensity: 0.01
  m_LinearFogStart: 0
  m_LinearFogEnd: 300
  m_AmbientSkyColor: {r: 0.212, g: 0.227, b: 0.259, a: 1}
  m_AmbientEquatorColor: {r: 0.114, g: 0.125, b: 0.133, a: 1}
  m_AmbientGroundColor: {r: 0.047, g: 0.043, b: 0.035, a: 1}
  m_AmbientIntensity: 1
  m_AmbientMode: 3
  m_SubtractiveShadowColor: {r: 0.42, g: 0.478, b: 0.627, a: 1}
  m_SkyboxMaterial: {fileID: 0}
  m_HaloStrength: 0.5
  m_FlareStrength: 1
  m_FlareFadeSpeed: 3
  m_HaloTexture: {fileID: 0}
  m_SpotCookie: {fileID: 10001, guid: 0000000000000000e000000000000000, type: 0}
  m_DefaultReflectionMode: 0
  m_DefaultReflectionResolution: 128
  m_ReflectionBounces: 1
  m_ReflectionIntensity: 1
  m_CustomReflection: {fileID: 0}
  m_Sun: {fileID: 0}
  m_IndirectSpecularColor: {r: 0, g: 0, b: 0, a: 1}
  m_UseRadianceAmbientProbe: 0
--- !u!157 &3
LightmapSettings:
  m_ObjectHideFlags: 0
  serializedVersion: 12
  m_GIWorkflowMode: 1
  m_GISettings:
    serializedVersion: 2
    m_BounceScale: 1
    m_IndirectOutputScale: 1
    m_AlbedoBoost: 1
    m_EnvironmentLightingMode: 0
    m_EnableBakedLightmaps: 0
    m_EnableRealtimeLightmaps: 0
  m_LightmapEditorSettings:
    serializedVersion: 12
    m_Resolution: 2
    m_BakeResolution: 40
    m_AtlasSize: 1024
    m_AO: 0
    m_AOMaxDistance: 1
    m_CompAOExponent: 1
    m_CompAOExponentDirect: 0
    m_ExtractAmbientOcclusion: 0
    m_Padding: 2
    m_LightmapParameters: {fileID: 0}
    m_LightmapsBakeMode: 1
    m_TextureCompression: 1
    m_FinalGather: 0
    m_FinalGatherFiltering: 1
    m_FinalGatherRayCount: 256
    m_ReflectionCompression: 2
    m_MixedBakeMode: 2
    m_BakeBackend: 1
    m_PVRSampling: 1
    m_PVRDirectSampleCount: 32
    m_PVRSampleCount: 512
    m_PVRBounces: 2
    m_PVREnvironmentSampleCount: 256
    m_PVREnvironmentReferencePointCount: 2048
    m_PVRFilteringMode: 1
    m_PVRDenoiserTypeDirect: 1
    m_PVRDenoiserTypeIndirect: 1
    m_PVRDenoiserTypeAO: 1
    m_PVRFilterTypeDirect: 0
    m_PVRFilterTypeIndirect: 0
    m_PVRFilterTypeAO: 0
    m_PVREnvironmentMIS: 1
    m_PVRCulling: 1
    m_PVRFilteringGaussRadiusDirect: 1
    m_PVRFilteringGaussRadiusIndirect: 5
    m_PVRFilteringGaussRadiusAO: 2
    m_PVRFilteringAtrousPositionSigmaDirect: 0.5
    m_PVRFilteringAtrousPositionSigmaIndirect: 2
    m_PVRFilteringAtrousPositionSigmaAO: 1
    m_ExportTrainingData: 0
    m_TrainingDataDestination: TrainingData
    m_LightProbeSampleCountMultiplier: 4
  m_LightingDataAsset: {fileID: 0}
  m_LightingSettings: {fileID: 0}
--- !u!196 &4
NavMeshSettings:
  serializedVersion: 2
  m_ObjectHideFlags: 0
  m_BuildSettings:
    serializedVersion: 2
    agentTypeID: 0
    agentRadius: 0.5
    agentHeight: 2
    agentSlope: 45
    agentClimb: 0.4
    ledgeDropHeight: 0
    maxJumpAcrossDistance: 0
    minRegionArea: 2
    manualCellSize: 0
    cellSize: 0.16666667
    manualTileSize: 0
    tileSize: 256
    accuratePlacement: 0
    maxJobWorkers: 0
    preserveTilesOutsideBounds: 0
    debug:
      m_Flags: 0
  m_NavMeshData: {fileID: 0}
--- !u!1001 &188980039
PrefabInstance:
  m_ObjectHideFlags: 0
  serializedVersion: 2
  m_Modification:
    m_TransformParent: {fileID: 0}
    m_Modifications:
    - target: {fileID: 2551581930102991749, guid: 32944b5cedefd004a9d783d8d25466f5, type: 3}
      propertyPath: m_Name
      value: Yellow Lock
      objectReference: {fileID: 0}
    - target: {fileID: 2551581930102991768, guid: 32944b5cedefd004a9d783d8d25466f5, type: 3}
      propertyPath: m_RootOrder
      value: 1
      objectReference: {fileID: 0}
    - target: {fileID: 2551581930102991768, guid: 32944b5cedefd004a9d783d8d25466f5, type: 3}
      propertyPath: m_LocalPosition.x
      value: 7.5
      objectReference: {fileID: 0}
    - target: {fileID: 2551581930102991768, guid: 32944b5cedefd004a9d783d8d25466f5, type: 3}
      propertyPath: m_LocalPosition.y
      value: -2.75
      objectReference: {fileID: 0}
    - target: {fileID: 2551581930102991768, guid: 32944b5cedefd004a9d783d8d25466f5, type: 3}
      propertyPath: m_LocalPosition.z
      value: 0
      objectReference: {fileID: 0}
    - target: {fileID: 2551581930102991768, guid: 32944b5cedefd004a9d783d8d25466f5, type: 3}
      propertyPath: m_LocalRotation.w
      value: 1
      objectReference: {fileID: 0}
    - target: {fileID: 2551581930102991768, guid: 32944b5cedefd004a9d783d8d25466f5, type: 3}
      propertyPath: m_LocalRotation.x
      value: 0
      objectReference: {fileID: 0}
    - target: {fileID: 2551581930102991768, guid: 32944b5cedefd004a9d783d8d25466f5, type: 3}
      propertyPath: m_LocalRotation.y
      value: 0
      objectReference: {fileID: 0}
    - target: {fileID: 2551581930102991768, guid: 32944b5cedefd004a9d783d8d25466f5, type: 3}
      propertyPath: m_LocalRotation.z
      value: 0
      objectReference: {fileID: 0}
    - target: {fileID: 2551581930102991768, guid: 32944b5cedefd004a9d783d8d25466f5, type: 3}
      propertyPath: m_LocalEulerAnglesHint.x
      value: 0
      objectReference: {fileID: 0}
    - target: {fileID: 2551581930102991768, guid: 32944b5cedefd004a9d783d8d25466f5, type: 3}
      propertyPath: m_LocalEulerAnglesHint.y
      value: 0
      objectReference: {fileID: 0}
    - target: {fileID: 2551581930102991768, guid: 32944b5cedefd004a9d783d8d25466f5, type: 3}
      propertyPath: m_LocalEulerAnglesHint.z
      value: 0
      objectReference: {fileID: 0}
    m_RemovedComponents: []
  m_SourcePrefab: {fileID: 100100000, guid: 32944b5cedefd004a9d783d8d25466f5, type: 3}
--- !u!114 &188980040 stripped
MonoBehaviour:
  m_CorrespondingSourceObject: {fileID: 2551581930102991770, guid: 32944b5cedefd004a9d783d8d25466f5, type: 3}
  m_PrefabInstance: {fileID: 188980039}
  m_PrefabAsset: {fileID: 0}
  m_GameObject: {fileID: 0}
  m_Enabled: 1
  m_EditorHideFlags: 0
  m_Script: {fileID: 11500000, guid: eed8fd9993586944fa6708bd9a70c951, type: 3}
  m_Name: 
  m_EditorClassIdentifier: 
--- !u!1001 &301569747
PrefabInstance:
  m_ObjectHideFlags: 0
  serializedVersion: 2
  m_Modification:
    m_TransformParent: {fileID: 0}
    m_Modifications:
    - target: {fileID: 6511025597964363348, guid: 5c9a36a7f640ccd45a21cf75c27cb556, type: 3}
      propertyPath: m_RootOrder
      value: 4
      objectReference: {fileID: 0}
    - target: {fileID: 6511025597964363348, guid: 5c9a36a7f640ccd45a21cf75c27cb556, type: 3}
      propertyPath: m_LocalPosition.x
      value: 4.6675715
      objectReference: {fileID: 0}
    - target: {fileID: 6511025597964363348, guid: 5c9a36a7f640ccd45a21cf75c27cb556, type: 3}
      propertyPath: m_LocalPosition.y
      value: -1.912641
      objectReference: {fileID: 0}
    - target: {fileID: 6511025597964363348, guid: 5c9a36a7f640ccd45a21cf75c27cb556, type: 3}
      propertyPath: m_LocalPosition.z
      value: 0
      objectReference: {fileID: 0}
    - target: {fileID: 6511025597964363348, guid: 5c9a36a7f640ccd45a21cf75c27cb556, type: 3}
      propertyPath: m_LocalRotation.w
      value: 1
      objectReference: {fileID: 0}
    - target: {fileID: 6511025597964363348, guid: 5c9a36a7f640ccd45a21cf75c27cb556, type: 3}
      propertyPath: m_LocalRotation.x
      value: 0
      objectReference: {fileID: 0}
    - target: {fileID: 6511025597964363348, guid: 5c9a36a7f640ccd45a21cf75c27cb556, type: 3}
      propertyPath: m_LocalRotation.y
      value: 0
      objectReference: {fileID: 0}
    - target: {fileID: 6511025597964363348, guid: 5c9a36a7f640ccd45a21cf75c27cb556, type: 3}
      propertyPath: m_LocalRotation.z
      value: 0
      objectReference: {fileID: 0}
    - target: {fileID: 6511025597964363348, guid: 5c9a36a7f640ccd45a21cf75c27cb556, type: 3}
      propertyPath: m_LocalEulerAnglesHint.x
      value: 0
      objectReference: {fileID: 0}
    - target: {fileID: 6511025597964363348, guid: 5c9a36a7f640ccd45a21cf75c27cb556, type: 3}
      propertyPath: m_LocalEulerAnglesHint.y
      value: 0
      objectReference: {fileID: 0}
    - target: {fileID: 6511025597964363348, guid: 5c9a36a7f640ccd45a21cf75c27cb556, type: 3}
      propertyPath: m_LocalEulerAnglesHint.z
      value: 0
      objectReference: {fileID: 0}
    - target: {fileID: 6511025597964363351, guid: 5c9a36a7f640ccd45a21cf75c27cb556, type: 3}
      propertyPath: m_Name
      value: Fly
      objectReference: {fileID: 0}
    m_RemovedComponents: []
  m_SourcePrefab: {fileID: 100100000, guid: 5c9a36a7f640ccd45a21cf75c27cb556, type: 3}
--- !u!4 &301569748 stripped
Transform:
  m_CorrespondingSourceObject: {fileID: 6511025597964363348, guid: 5c9a36a7f640ccd45a21cf75c27cb556, type: 3}
  m_PrefabInstance: {fileID: 301569747}
  m_PrefabAsset: {fileID: 0}
--- !u!1001 &692831045
PrefabInstance:
  m_ObjectHideFlags: 0
  serializedVersion: 2
  m_Modification:
    m_TransformParent: {fileID: 0}
    m_Modifications:
    - target: {fileID: 2814685650983967221, guid: c5943a1bf8d4d794ab6a8ad0466db9f0, type: 3}
      propertyPath: m_RootOrder
      value: 2
      objectReference: {fileID: 0}
    - target: {fileID: 2814685650983967221, guid: c5943a1bf8d4d794ab6a8ad0466db9f0, type: 3}
      propertyPath: m_LocalPosition.x
      value: -5
      objectReference: {fileID: 0}
    - target: {fileID: 2814685650983967221, guid: c5943a1bf8d4d794ab6a8ad0466db9f0, type: 3}
      propertyPath: m_LocalPosition.y
      value: -3.5
      objectReference: {fileID: 0}
    - target: {fileID: 2814685650983967221, guid: c5943a1bf8d4d794ab6a8ad0466db9f0, type: 3}
      propertyPath: m_LocalPosition.z
      value: 0
      objectReference: {fileID: 0}
    - target: {fileID: 2814685650983967221, guid: c5943a1bf8d4d794ab6a8ad0466db9f0, type: 3}
      propertyPath: m_LocalRotation.w
      value: 1
      objectReference: {fileID: 0}
    - target: {fileID: 2814685650983967221, guid: c5943a1bf8d4d794ab6a8ad0466db9f0, type: 3}
      propertyPath: m_LocalRotation.x
      value: 0
      objectReference: {fileID: 0}
    - target: {fileID: 2814685650983967221, guid: c5943a1bf8d4d794ab6a8ad0466db9f0, type: 3}
      propertyPath: m_LocalRotation.y
      value: 0
      objectReference: {fileID: 0}
    - target: {fileID: 2814685650983967221, guid: c5943a1bf8d4d794ab6a8ad0466db9f0, type: 3}
      propertyPath: m_LocalRotation.z
      value: 0
      objectReference: {fileID: 0}
    - target: {fileID: 2814685650983967221, guid: c5943a1bf8d4d794ab6a8ad0466db9f0, type: 3}
      propertyPath: m_LocalEulerAnglesHint.x
      value: 0
      objectReference: {fileID: 0}
    - target: {fileID: 2814685650983967221, guid: c5943a1bf8d4d794ab6a8ad0466db9f0, type: 3}
      propertyPath: m_LocalEulerAnglesHint.y
      value: 0
      objectReference: {fileID: 0}
    - target: {fileID: 2814685650983967221, guid: c5943a1bf8d4d794ab6a8ad0466db9f0, type: 3}
      propertyPath: m_LocalEulerAnglesHint.z
      value: 0
      objectReference: {fileID: 0}
    - target: {fileID: 2814685650983967230, guid: c5943a1bf8d4d794ab6a8ad0466db9f0, type: 3}
      propertyPath: m_Name
      value: SpringBoard
      objectReference: {fileID: 0}
    m_RemovedComponents: []
  m_SourcePrefab: {fileID: 100100000, guid: c5943a1bf8d4d794ab6a8ad0466db9f0, type: 3}
--- !u!1001 &1275836192
PrefabInstance:
  m_ObjectHideFlags: 0
  serializedVersion: 2
  m_Modification:
    m_TransformParent: {fileID: 0}
    m_Modifications:
    - target: {fileID: 2950345015938215393, guid: e5af05c2a3d364e41859352a6e83525b, type: 3}
      propertyPath: m_Name
      value: Item Box
      objectReference: {fileID: 0}
    - target: {fileID: 2950345015938215395, guid: e5af05c2a3d364e41859352a6e83525b, type: 3}
      propertyPath: m_RootOrder
      value: 3
      objectReference: {fileID: 0}
    - target: {fileID: 2950345015938215395, guid: e5af05c2a3d364e41859352a6e83525b, type: 3}
      propertyPath: m_LocalPosition.x
      value: -6.75
      objectReference: {fileID: 0}
    - target: {fileID: 2950345015938215395, guid: e5af05c2a3d364e41859352a6e83525b, type: 3}
      propertyPath: m_LocalPosition.y
      value: -1
      objectReference: {fileID: 0}
    - target: {fileID: 2950345015938215395, guid: e5af05c2a3d364e41859352a6e83525b, type: 3}
      propertyPath: m_LocalPosition.z
      value: 0
      objectReference: {fileID: 0}
    - target: {fileID: 2950345015938215395, guid: e5af05c2a3d364e41859352a6e83525b, type: 3}
      propertyPath: m_LocalRotation.w
      value: 1
      objectReference: {fileID: 0}
    - target: {fileID: 2950345015938215395, guid: e5af05c2a3d364e41859352a6e83525b, type: 3}
      propertyPath: m_LocalRotation.x
      value: 0
      objectReference: {fileID: 0}
    - target: {fileID: 2950345015938215395, guid: e5af05c2a3d364e41859352a6e83525b, type: 3}
      propertyPath: m_LocalRotation.y
      value: 0
      objectReference: {fileID: 0}
    - target: {fileID: 2950345015938215395, guid: e5af05c2a3d364e41859352a6e83525b, type: 3}
      propertyPath: m_LocalRotation.z
      value: 0
      objectReference: {fileID: 0}
    - target: {fileID: 2950345015938215395, guid: e5af05c2a3d364e41859352a6e83525b, type: 3}
      propertyPath: m_LocalEulerAnglesHint.x
      value: 0
      objectReference: {fileID: 0}
    - target: {fileID: 2950345015938215395, guid: e5af05c2a3d364e41859352a6e83525b, type: 3}
      propertyPath: m_LocalEulerAnglesHint.y
      value: 0
      objectReference: {fileID: 0}
    - target: {fileID: 2950345015938215395, guid: e5af05c2a3d364e41859352a6e83525b, type: 3}
      propertyPath: m_LocalEulerAnglesHint.z
      value: 0
      objectReference: {fileID: 0}
    m_RemovedComponents: []
  m_SourcePrefab: {fileID: 100100000, guid: e5af05c2a3d364e41859352a6e83525b, type: 3}
--- !u!1 &1640015377
GameObject:
  m_ObjectHideFlags: 0
  m_CorrespondingSourceObject: {fileID: 0}
  m_PrefabInstance: {fileID: 0}
  m_PrefabAsset: {fileID: 0}
  serializedVersion: 6
  m_Component:
  - component: {fileID: 1640015379}
  - component: {fileID: 1640015378}
  - component: {fileID: 1640015380}
  m_Layer: 0
  m_Name: grassMid
  m_TagString: Untagged
  m_Icon: {fileID: 0}
  m_NavMeshLayer: 0
  m_StaticEditorFlags: 0
  m_IsActive: 1
--- !u!212 &1640015378
SpriteRenderer:
  m_ObjectHideFlags: 0
  m_CorrespondingSourceObject: {fileID: 0}
  m_PrefabInstance: {fileID: 0}
  m_PrefabAsset: {fileID: 0}
  m_GameObject: {fileID: 1640015377}
  m_Enabled: 1
  m_CastShadows: 0
  m_ReceiveShadows: 0
  m_DynamicOccludee: 1
  m_MotionVectors: 1
  m_LightProbeUsage: 1
  m_ReflectionProbeUsage: 1
  m_RayTracingMode: 0
  m_RayTraceProcedural: 0
  m_RenderingLayerMask: 1
  m_RendererPriority: 0
  m_Materials:
  - {fileID: 10754, guid: 0000000000000000f000000000000000, type: 0}
  m_StaticBatchInfo:
    firstSubMesh: 0
    subMeshCount: 0
  m_StaticBatchRoot: {fileID: 0}
  m_ProbeAnchor: {fileID: 0}
  m_LightProbeVolumeOverride: {fileID: 0}
  m_ScaleInLightmap: 1
  m_ReceiveGI: 1
  m_PreserveUVs: 0
  m_IgnoreNormalsForChartDetection: 0
  m_ImportantGI: 0
  m_StitchLightmapSeams: 1
  m_SelectedEditorRenderState: 0
  m_MinimumChartSize: 4
  m_AutoUVMaxDistance: 0.5
  m_AutoUVMaxAngle: 89
  m_LightmapParameters: {fileID: 0}
  m_SortingLayerID: 0
  m_SortingLayer: 0
  m_SortingOrder: 0
  m_Sprite: {fileID: 21300000, guid: d34efe5686ad0e44ebaef5659615701f, type: 3}
  m_Color: {r: 1, g: 1, b: 1, a: 1}
  m_FlipX: 0
  m_FlipY: 0
  m_DrawMode: 2
  m_Size: {x: 21.165102, y: 1}
  m_AdaptiveModeThreshold: 0.5
  m_SpriteTileMode: 0
  m_WasSpriteAssigned: 1
  m_MaskInteraction: 0
  m_SpriteSortPoint: 0
--- !u!4 &1640015379
Transform:
  m_ObjectHideFlags: 0
  m_CorrespondingSourceObject: {fileID: 0}
  m_PrefabInstance: {fileID: 0}
  m_PrefabAsset: {fileID: 0}
  m_GameObject: {fileID: 1640015377}
  m_LocalRotation: {x: 0, y: 0, z: 0, w: 1}
  m_LocalPosition: {x: 0.3336, y: -4.5, z: 0}
  m_LocalScale: {x: 1, y: 1, z: 1}
  m_Children: []
  m_Father: {fileID: 0}
  m_RootOrder: 8
  m_LocalEulerAnglesHint: {x: 0, y: 0, z: 0}
--- !u!61 &1640015380
BoxCollider2D:
  m_ObjectHideFlags: 0
  m_CorrespondingSourceObject: {fileID: 0}
  m_PrefabInstance: {fileID: 0}
  m_PrefabAsset: {fileID: 0}
  m_GameObject: {fileID: 1640015377}
  m_Enabled: 1
  m_Density: 1
  m_Material: {fileID: 0}
  m_IsTrigger: 0
  m_UsedByEffector: 0
  m_UsedByComposite: 0
  m_Offset: {x: 0, y: 0}
  m_SpriteTilingProperty:
    border: {x: 0, y: 0, z: 0, w: 0}
    pivot: {x: 0.5, y: 0.5}
    oldSize: {x: 1, y: 1}
    newSize: {x: 21.165102, y: 1}
    adaptiveTilingThreshold: 0.5
    drawMode: 2
    adaptiveTiling: 0
  m_AutoTiling: 1
  serializedVersion: 2
  m_Size: {x: 1, y: 1}
  m_EdgeRadius: 0
--- !u!1001 &1877923932
PrefabInstance:
  m_ObjectHideFlags: 0
  serializedVersion: 2
  m_Modification:
    m_TransformParent: {fileID: 0}
    m_Modifications:
    - target: {fileID: 5772362385050831004, guid: bd0381839fb4fc442bea190cb8cf9c47, type: 3}
      propertyPath: m_RootOrder
      value: 0
      objectReference: {fileID: 0}
    - target: {fileID: 5772362385050831004, guid: bd0381839fb4fc442bea190cb8cf9c47, type: 3}
      propertyPath: m_LocalPosition.x
      value: 0
      objectReference: {fileID: 0}
    - target: {fileID: 5772362385050831004, guid: bd0381839fb4fc442bea190cb8cf9c47, type: 3}
      propertyPath: m_LocalPosition.y
      value: 0
      objectReference: {fileID: 0}
    - target: {fileID: 5772362385050831004, guid: bd0381839fb4fc442bea190cb8cf9c47, type: 3}
      propertyPath: m_LocalPosition.z
      value: 0
      objectReference: {fileID: 0}
    - target: {fileID: 5772362385050831004, guid: bd0381839fb4fc442bea190cb8cf9c47, type: 3}
      propertyPath: m_LocalRotation.w
      value: 1
      objectReference: {fileID: 0}
    - target: {fileID: 5772362385050831004, guid: bd0381839fb4fc442bea190cb8cf9c47, type: 3}
      propertyPath: m_LocalRotation.x
      value: 0
      objectReference: {fileID: 0}
    - target: {fileID: 5772362385050831004, guid: bd0381839fb4fc442bea190cb8cf9c47, type: 3}
      propertyPath: m_LocalRotation.y
      value: 0
      objectReference: {fileID: 0}
    - target: {fileID: 5772362385050831004, guid: bd0381839fb4fc442bea190cb8cf9c47, type: 3}
      propertyPath: m_LocalRotation.z
      value: 0
      objectReference: {fileID: 0}
    - target: {fileID: 5772362385050831004, guid: bd0381839fb4fc442bea190cb8cf9c47, type: 3}
      propertyPath: m_LocalEulerAnglesHint.x
      value: 0
      objectReference: {fileID: 0}
    - target: {fileID: 5772362385050831004, guid: bd0381839fb4fc442bea190cb8cf9c47, type: 3}
      propertyPath: m_LocalEulerAnglesHint.y
      value: 0
      objectReference: {fileID: 0}
    - target: {fileID: 5772362385050831004, guid: bd0381839fb4fc442bea190cb8cf9c47, type: 3}
      propertyPath: m_LocalEulerAnglesHint.z
      value: 0
      objectReference: {fileID: 0}
    - target: {fileID: 5772362385050831005, guid: bd0381839fb4fc442bea190cb8cf9c47, type: 3}
      propertyPath: m_Name
      value: '[CAMERA SETUP]'
      objectReference: {fileID: 0}
    - target: {fileID: 5772362385944649243, guid: bd0381839fb4fc442bea190cb8cf9c47, type: 3}
      propertyPath: m_LocalRotation.x
      value: -0
      objectReference: {fileID: 0}
    - target: {fileID: 5772362385944649444, guid: bd0381839fb4fc442bea190cb8cf9c47, type: 3}
      propertyPath: orthographic size
      value: 6.2144146
      objectReference: {fileID: 0}
    - target: {fileID: 5772362386418834936, guid: bd0381839fb4fc442bea190cb8cf9c47, type: 3}
      propertyPath: m_Targets.Array.data[0].target
      value: 
      objectReference: {fileID: 2107239690}
    - target: {fileID: 5772362386418834936, guid: bd0381839fb4fc442bea190cb8cf9c47, type: 3}
      propertyPath: m_Targets.Array.data[1].target
      value: 
      objectReference: {fileID: 1915597419}
    - target: {fileID: 5772362386418834936, guid: bd0381839fb4fc442bea190cb8cf9c47, type: 3}
      propertyPath: m_Targets.Array.data[2].target
      value: 
      objectReference: {fileID: 301569748}
    - target: {fileID: 5772362386547499515, guid: bd0381839fb4fc442bea190cb8cf9c47, type: 3}
      propertyPath: m_LocalRotation.x
      value: -0
      objectReference: {fileID: 0}
    m_RemovedComponents: []
  m_SourcePrefab: {fileID: 100100000, guid: bd0381839fb4fc442bea190cb8cf9c47, type: 3}
--- !u!1001 &1915597418
PrefabInstance:
  m_ObjectHideFlags: 0
  serializedVersion: 2
  m_Modification:
    m_TransformParent: {fileID: 0}
    m_Modifications:
    - target: {fileID: 4443148334051168835, guid: 5854c616a610dbe43986b84d58c5f8f6, type: 3}
      propertyPath: m_Name
      value: Player2
      objectReference: {fileID: 0}
    - target: {fileID: 4443148334051168889, guid: 5854c616a610dbe43986b84d58c5f8f6, type: 3}
      propertyPath: m_RootOrder
      value: 5
      objectReference: {fileID: 0}
    - target: {fileID: 4443148334051168889, guid: 5854c616a610dbe43986b84d58c5f8f6, type: 3}
      propertyPath: m_LocalPosition.x
      value: 0
      objectReference: {fileID: 0}
    - target: {fileID: 4443148334051168889, guid: 5854c616a610dbe43986b84d58c5f8f6, type: 3}
      propertyPath: m_LocalPosition.y
      value: -3.25
      objectReference: {fileID: 0}
    - target: {fileID: 4443148334051168889, guid: 5854c616a610dbe43986b84d58c5f8f6, type: 3}
      propertyPath: m_LocalPosition.z
      value: 0
      objectReference: {fileID: 0}
    - target: {fileID: 4443148334051168889, guid: 5854c616a610dbe43986b84d58c5f8f6, type: 3}
      propertyPath: m_LocalRotation.w
      value: 1
      objectReference: {fileID: 0}
    - target: {fileID: 4443148334051168889, guid: 5854c616a610dbe43986b84d58c5f8f6, type: 3}
      propertyPath: m_LocalRotation.x
      value: 0
      objectReference: {fileID: 0}
    - target: {fileID: 4443148334051168889, guid: 5854c616a610dbe43986b84d58c5f8f6, type: 3}
      propertyPath: m_LocalRotation.y
      value: 0
      objectReference: {fileID: 0}
    - target: {fileID: 4443148334051168889, guid: 5854c616a610dbe43986b84d58c5f8f6, type: 3}
      propertyPath: m_LocalRotation.z
      value: 0
      objectReference: {fileID: 0}
    - target: {fileID: 4443148334051168889, guid: 5854c616a610dbe43986b84d58c5f8f6, type: 3}
      propertyPath: m_LocalEulerAnglesHint.x
      value: 0
      objectReference: {fileID: 0}
    - target: {fileID: 4443148334051168889, guid: 5854c616a610dbe43986b84d58c5f8f6, type: 3}
      propertyPath: m_LocalEulerAnglesHint.y
      value: 0
      objectReference: {fileID: 0}
    - target: {fileID: 4443148334051168889, guid: 5854c616a610dbe43986b84d58c5f8f6, type: 3}
      propertyPath: m_LocalEulerAnglesHint.z
      value: 0
      objectReference: {fileID: 0}
    m_RemovedComponents: []
  m_SourcePrefab: {fileID: 100100000, guid: 5854c616a610dbe43986b84d58c5f8f6, type: 3}
--- !u!4 &1915597419 stripped
Transform:
  m_CorrespondingSourceObject: {fileID: 4443148334051168889, guid: 5854c616a610dbe43986b84d58c5f8f6, type: 3}
  m_PrefabInstance: {fileID: 1915597418}
  m_PrefabAsset: {fileID: 0}
--- !u!1001 &2107239689
PrefabInstance:
  m_ObjectHideFlags: 0
  serializedVersion: 2
  m_Modification:
    m_TransformParent: {fileID: 0}
    m_Modifications:
    - target: {fileID: 6645098284089277467, guid: 33cde265be5b4e048aa8a10538d3f68a, type: 3}
      propertyPath: m_RootOrder
      value: 6
      objectReference: {fileID: 0}
    - target: {fileID: 6645098284089277467, guid: 33cde265be5b4e048aa8a10538d3f68a, type: 3}
      propertyPath: m_LocalPosition.x
      value: -9.5
      objectReference: {fileID: 0}
    - target: {fileID: 6645098284089277467, guid: 33cde265be5b4e048aa8a10538d3f68a, type: 3}
      propertyPath: m_LocalPosition.y
      value: -3.25
      objectReference: {fileID: 0}
    - target: {fileID: 6645098284089277467, guid: 33cde265be5b4e048aa8a10538d3f68a, type: 3}
      propertyPath: m_LocalPosition.z
      value: 0
      objectReference: {fileID: 0}
    - target: {fileID: 6645098284089277467, guid: 33cde265be5b4e048aa8a10538d3f68a, type: 3}
      propertyPath: m_LocalRotation.w
      value: 1
      objectReference: {fileID: 0}
    - target: {fileID: 6645098284089277467, guid: 33cde265be5b4e048aa8a10538d3f68a, type: 3}
      propertyPath: m_LocalRotation.x
      value: 0
      objectReference: {fileID: 0}
    - target: {fileID: 6645098284089277467, guid: 33cde265be5b4e048aa8a10538d3f68a, type: 3}
      propertyPath: m_LocalRotation.y
      value: 0
      objectReference: {fileID: 0}
    - target: {fileID: 6645098284089277467, guid: 33cde265be5b4e048aa8a10538d3f68a, type: 3}
      propertyPath: m_LocalRotation.z
      value: 0
      objectReference: {fileID: 0}
    - target: {fileID: 6645098284089277467, guid: 33cde265be5b4e048aa8a10538d3f68a, type: 3}
      propertyPath: m_LocalEulerAnglesHint.x
      value: 0
      objectReference: {fileID: 0}
    - target: {fileID: 6645098284089277467, guid: 33cde265be5b4e048aa8a10538d3f68a, type: 3}
      propertyPath: m_LocalEulerAnglesHint.y
      value: 0
      objectReference: {fileID: 0}
    - target: {fileID: 6645098284089277467, guid: 33cde265be5b4e048aa8a10538d3f68a, type: 3}
      propertyPath: m_LocalEulerAnglesHint.z
      value: 0
      objectReference: {fileID: 0}
    - target: {fileID: 6645098284089277471, guid: 33cde265be5b4e048aa8a10538d3f68a, type: 3}
      propertyPath: m_Name
      value: Player
      objectReference: {fileID: 0}
    m_RemovedComponents: []
  m_SourcePrefab: {fileID: 100100000, guid: 33cde265be5b4e048aa8a10538d3f68a, type: 3}
--- !u!4 &2107239690 stripped
Transform:
  m_CorrespondingSourceObject: {fileID: 6645098284089277467, guid: 33cde265be5b4e048aa8a10538d3f68a, type: 3}
  m_PrefabInstance: {fileID: 2107239689}
  m_PrefabAsset: {fileID: 0}
--- !u!1001 &6277878368548178076
PrefabInstance:
  m_ObjectHideFlags: 0
  serializedVersion: 2
  m_Modification:
    m_TransformParent: {fileID: 0}
    m_Modifications:
    - target: {fileID: 672512447427863482, guid: 4babc2df7140583468756a12b346dd80, type: 3}
      propertyPath: _itemLaunchVelocity.x
      value: 1
      objectReference: {fileID: 0}
    - target: {fileID: 672512447427863482, guid: 4babc2df7140583468756a12b346dd80, type: 3}
      propertyPath: _itemLaunchVelocity.y
      value: 1
      objectReference: {fileID: 0}
    - target: {fileID: 672512447427863485, guid: 4babc2df7140583468756a12b346dd80, type: 3}
      propertyPath: m_RootOrder
      value: 7
      objectReference: {fileID: 0}
    - target: {fileID: 672512447427863485, guid: 4babc2df7140583468756a12b346dd80, type: 3}
      propertyPath: m_LocalPosition.x
      value: 1.75
      objectReference: {fileID: 0}
    - target: {fileID: 672512447427863485, guid: 4babc2df7140583468756a12b346dd80, type: 3}
      propertyPath: m_LocalPosition.y
      value: -1
      objectReference: {fileID: 0}
    - target: {fileID: 672512447427863485, guid: 4babc2df7140583468756a12b346dd80, type: 3}
      propertyPath: m_LocalPosition.z
      value: 0
      objectReference: {fileID: 0}
    - target: {fileID: 672512447427863485, guid: 4babc2df7140583468756a12b346dd80, type: 3}
      propertyPath: m_LocalRotation.w
      value: 1
      objectReference: {fileID: 0}
    - target: {fileID: 672512447427863485, guid: 4babc2df7140583468756a12b346dd80, type: 3}
      propertyPath: m_LocalRotation.x
      value: 0
      objectReference: {fileID: 0}
    - target: {fileID: 672512447427863485, guid: 4babc2df7140583468756a12b346dd80, type: 3}
      propertyPath: m_LocalRotation.y
      value: 0
      objectReference: {fileID: 0}
    - target: {fileID: 672512447427863485, guid: 4babc2df7140583468756a12b346dd80, type: 3}
      propertyPath: m_LocalRotation.z
      value: 0
      objectReference: {fileID: 0}
    - target: {fileID: 672512447427863485, guid: 4babc2df7140583468756a12b346dd80, type: 3}
      propertyPath: m_LocalEulerAnglesHint.x
      value: 0
      objectReference: {fileID: 0}
    - target: {fileID: 672512447427863485, guid: 4babc2df7140583468756a12b346dd80, type: 3}
      propertyPath: m_LocalEulerAnglesHint.y
      value: 0
      objectReference: {fileID: 0}
    - target: {fileID: 672512447427863485, guid: 4babc2df7140583468756a12b346dd80, type: 3}
      propertyPath: m_LocalEulerAnglesHint.z
      value: 0
      objectReference: {fileID: 0}
    - target: {fileID: 672512447427863487, guid: 4babc2df7140583468756a12b346dd80, type: 3}
      propertyPath: m_Name
      value: Key Box
      objectReference: {fileID: 0}
    - target: {fileID: 5956216829950352148, guid: 4babc2df7140583468756a12b346dd80, type: 3}
      propertyPath: _keyLock
      value: 
      objectReference: {fileID: 188980040}
    m_RemovedComponents: []
  m_SourcePrefab: {fileID: 100100000, guid: 4babc2df7140583468756a12b346dd80, type: 3}
